@BOOK{Magnus2019-cz,
  title     = "Matrix Differential Calculus with Applications in Statistics and
               Econometrics",
  author    = "Magnus, Jan R and Neudecker, Heinz",
  publisher = "John Wiley \& Sons",
  year      =  2019,
  doi       = "10.1002/9781119541219"
}
